@inproceedings{lazebnik2006beyond,
	title={Beyond bags of features: Spatial pyramid matching for recognizing natural scene categories},
	author={Lazebnik, Svetlana and Schmid, Cordelia and Ponce, Jean},
	booktitle={Computer vision and pattern recognition, 2006 IEEE computer society conference on},
	volume={2},
	pages={2169--2178},
	year={2006},
	organization={IEEE}
}
@inproceedings{denton2015deep,
	title={Deep Generative Image Models using aï¿¼ Laplacian Pyramid of Adversarial Networks},
	author={Denton, Emily L and Chintala, Soumith and Fergus, Rob and others},
	booktitle={Advances in neural information processing systems},
	pages={1486--1494},
	year={2015}
}
@article{aronszajn1950theory,
	title={Theory of reproducing kernels},
	author={Aronszajn, Nachman},
	journal={Transactions of the American mathematical society},
	volume={68},
	number={3},
	pages={337--404},
	year={1950},
	publisher={JSTOR}
}
@inproceedings{maclaurin2015gradient,
	title={Gradient-based hyperparameter optimization through reversible learning},
	author={Maclaurin, Dougal and Duvenaud, David and Adams, Ryan P},
	booktitle={Proceedings of the 32nd International Conference on Machine Learning},
	year={2015}
}
@inproceedings{Pedregosa16,
	author    = {Fabian Pedregosa},
	title     = {Hyperparameter optimization with approximate gradient},
	booktitle = {Proceedings of the 33nd International Conference on Machine Learning,
	{ICML} 2016, New York City, NY, USA, June 19-24, 2016},
	pages     = {737--746},
	year      = {2016},
	
}
@inproceedings{reddi2015doubly,
	title={Doubly robust covariate shift correction},
	author={Reddi, Sashank J and Poczos, Barnabas and Smola, Alex},
	booktitle={Proceedings of the Twenty-Ninth AAAI Conference on Artificial Intelligence},
	pages={2949--2955},
	year={2015},
	organization={AAAI Press}
}
@inproceedings{duan2009domain,
	title={Domain adaptation from multiple sources via auxiliary classifiers},
	author={Duan, Lixin and Tsang, Ivor W and Xu, Dong and Chua, Tat-Seng},
	booktitle={Proceedings of the 26th Annual International Conference on Machine Learning},
	pages={289--296},
	year={2009},
	organization={ACM}
}
@inproceedings{delalleau2005efficient,
	title={Efficient Non-Parametric Function Induction in Semi-Supervised Learning.},
	author={Delalleau, Olivier and Bengio, Yoshua and Le Roux, Nicolas},
	booktitle={AISTATS},
	volume={27},
	number={28},
	pages={100},
	year={2005}
}
@article{fan2008liblinear,
	title={LIBLINEAR: A library for large linear classification},
	author={Fan, Rong-En and Chang, Kai-Wei and Hsieh, Cho-Jui and Wang, Xiang-Rui and Lin, Chih-Jen},
	journal={Journal of machine learning research},
	volume={9},
	number={Aug},
	pages={1871--1874},
	year={2008}
}
@inproceedings{duan2012learning,
    author = {Lixin Duan and Dong Xu and Ivor W. Tsang},
    title = {Learning with Augmented Features for Heterogeneous Domain Adaptation},
    booktitle = {Proceedings of the International Conference on Machine Learning},
    publisher = {Omnipress},
    address   = {Edinburgh, Scotland},
    pages     = {711--718},
    year      = {2012},
  }
@inproceedings{imagenet_cvpr09,
        AUTHOR = {Deng, J. and Dong, W. and Socher, R. and Li, L.-J. and Li, K. and Fei-Fei, L.},
        TITLE = {{ImageNet: A Large-Scale Hierarchical Image Database}},
        BOOKTITLE = {The IEEE Conference on Computer Vision and Pattern Recognition (CVPR)},
        YEAR = {2009},
        BIBSOURCE = "http://www.image-net.org/papers/imagenet_cvpr09.bib"}
@inproceedings{duan2012visual,
  title={Visual event recognition in videos by learning from web data},
  author={Duan, Lixin and Xu, Dong and Tsang, Ivor Wai-Hung and Luo, Jiebo},
  journal={IEEE Transactions on Pattern Analysis and Machine Intelligence},
  volume={34},
  number={9},
  pages={1667--1680},
  year={2012},
  publisher={IEEE}
}

@inproceedings{daume2010frustratingly,
  title={Frustratingly easy semi-supervised domain adaptation},
  author={Daum{\'e} III, Hal and Kumar, Abhishek and Saha, Avishek},
  booktitle={Proceedings of the 2010 Workshop on Domain Adaptation for Natural Language Processing},
  pages={53--59},
  year={2010},
  organization={Association for Computational Linguistics}
}
@InProceedings{Donahue_2013_CVPR,
author = {Donahue, Jeff and Hoffman, Judy and Rodner, Erik and Saenko, Kate and Darrell, Trevor},
title = {Semi-supervised Domain Adaptation with Instance Constraints},
booktitle = {The IEEE Conference on Computer Vision and Pattern Recognition (CVPR)},
year = {2013}
}
@inproceedings{yao2015semi,
  title={Semi-supervised domain adaptation with subspace learning for visual recognition},
  author={Yao, Ting and Pan, Yingwei and Ngo, Chong-Wah and Li, Houqiang and Mei, Tao},
  booktitle={The IEEE Conference on Computer Vision and Pattern Recognition (CVPR)},
  pages={2142--2150},
  year={2015}
}
@article{karl2001long,
  title={Long-term changes in plankton community structure and productivity in the North Pacific Subtropical Gyre: The domain shift hypothesis},
  author={Karl, DM and Bidigare, RR and Letelier, RM},
  journal={Deep Sea Research Part II: Topical Studies in Oceanography},
  volume={48},
  number={8},
  pages={1449--1470},
  year={2001},
  publisher={Elsevier}
}
@inproceedings{salakhutdinov2012one,
  title={One-Shot Learning with a Hierarchical Nonparametric Bayesian Model.},
  author={Salakhutdinov, Ruslan and Tenenbaum, Joshua B and Torralba, Antonio},
  booktitle={ICML Unsupervised and Transfer Learning},
  pages={195--206},
  year={2012}
}
@inproceedings{pfister2014domain,
  title={Domain-adaptive discriminative one-shot learning of gestures},
  author={Pfister, Tomas and Charles, James and Zisserman, Andrew},
  booktitle={European Conference on Computer Vision},
  pages={814--829},
  year={2014},
  organization={Springer}
}
@article{vapnik2009new,
  title={A new learning paradigm: Learning using privileged information},
  author={Vapnik, Vladimir and Vashist, Akshay},
  journal={Neural Networks},
  volume={22},
  number={5},
  pages={544--557},
  year={2009},
  publisher={Elsevier}
}

@InProceedings{Gupta_2016_CVPR,
  author = {Gupta, Saurabh and Hoffman, Judy and Malik, Jitendra},
  title = {Cross Modal Distillation for Supervision Transfer},
  booktitle = {The IEEE Conference on Computer Vision and Pattern Recognition (CVPR)},
  year = {2016}
}

@InProceedings{Tzeng_2015_ICCV,
author = {Tzeng, Eric and Hoffman, Judy and Darrell, Trevor and Saenko, Kate},
title = {Simultaneous Deep Transfer Across Domains and Tasks},
booktitle = {The IEEE International Conference on Computer Vision (ICCV)},
year = {2015}
}
@InProceedings{Li_2016_CVPR,
author = {Li, Wen and Dai, Dengxin and Tan, Mingkui and Xu, Dong and Van Gool, Luc},
title = {Fast Algorithms for Linear and Kernel SVM+},
booktitle = {The IEEE Conference on Computer Vision and Pattern Recognition (CVPR)},
year = {2016}
}
@InProceedings{Motiian_2016_CVPR,
author = {Motiian, Saeid and Piccirilli, Marco and Adjeroh, Donald A. and Doretto, Gianfranco},
title = {Information Bottleneck Learning Using Privileged Information for Visual Recognition},
booktitle = {The IEEE Conference on Computer Vision and Pattern Recognition (CVPR)},
year = {2016}
}
@InProceedings{Sharmanska_2013_ICCV,
author = {Sharmanska, Viktoriia and Quadrianto, Novi and Lampert, Christoph H.},
title = {Learning to Rank Using Privileged Information},
booktitle = {The IEEE International Conference on Computer Vision (ICCV)},
year = {2013}
}
@inproceedings{pechyony2010theory,
  title={On the theory of learnining with privileged information},
  author={Pechyony, Dmitry and Vapnik, Vladimir},
  booktitle={Advances in neural information processing systems},
  pages={1894--1902},
  year={2010}
}
@article{vapnik1999overview,
	title={An overview of statistical learning theory},
	author={Vapnik, Vladimir N},
	journal={IEEE Transactions on Neural Networks},
	volume={10},
	number={5},
	pages={988--999},
	year={1999},
	publisher={IEEE}
}
@inproceedings{romero2014fitnets,
  title={Fitnets: Hints for thin deep nets},
  author    = {Adriana Romero and
                 Nicolas Ballas and
                 Samira Ebrahimi Kahou and
                 Antoine Chassang and
                 Carlo Gatta and
                 Yoshua Bengio},
    booktitle   = {In Proceedings of International Conference on Learning Representations},
    year = {2015}
  }
@inproceedings{urban2016deep,
   title     = {Do Deep Convolutional Nets Really Need to be Deep (Or Even Convolutional)?},
    author    = {Gregor Urban and Krzysztof J. Geras and Samira Ebrahimi Kahou and Ozlem Aslan and Shengjie Wang and Rich Caruana and Abdel-rahman Mohamed and Matthai Philipose and Matthew Richardson},
    booktitle = {International Conference on Learning Representations (workshop track)},
    year      = {2016}
  }
}
@inproceedings{ba2014deep,
  title={Do deep nets really need to be deep?},
  author={Ba, Jimmy and Caruana, Rich},
  booktitle={Advances in neural information processing systems},
  pages={2654--2662},
  year={2014}
}
@inproceedings{luo2016face,
  title={Face Model Compression by Distilling Knowledge from Neurons},
  author={Luo, Ping and Zhu, Zhenyao and Liu, Ziwei and Wang, Xiaogang and Tang, Xiaoou},
  booktitle={Thirtieth AAAI Conference on Artificial Intelligence},
  year={2016}
}
@inproceedings{lopez2015unifying,
  title = {Unifying distillation and privileged information},
   author = {Lopez-Paz, D. and Sch{\"o}lkopf, B. and Bottou, L. and Vapnik, V.},
   booktitle = {International Conference on Learning Representations},
   year = {2016}
  }
@article{vapnik2015learning,
  title={Learning using privileged information: Similarity control and knowledge transfer},
  author={Vapnik, Vladimir and Izmailov, Rauf},
  journal={Journal of Machine Learning Research},
  volume={16},
  pages={2023--2049},
  year={2015}
}
@article{hinton2015distilling,
  title={Distilling the knowledge in a neural network},
  author={Hinton, Geoffrey and Vinyals, Oriol and Dean, Jeff},
  journal={NIPS Deep Learning and Representation Learning Workshop},
  year={2014}
}
@article{hull1994database,
	title={A database for handwritten text recognition research},
	author={Hull, Jonathan J},
	journal={Pattern Analysis and Machine Intelligence, IEEE Transactions on},
	volume={16},
	number={5},
	pages={550--554},
	year={1994},
	publisher={IEEE}
}
@book{boyd2004convex,
	title={Convex optimization},
	author={Boyd, Stephen and Vandenberghe, Lieven},
	year={2004},
	publisher={Cambridge university press}
}
@book{rockafellar2015convex,
	title={Convex analysis},
	author={Rockafellar, Ralph Tyrell},
	year={2015},
	publisher={Princeton university press}
}
@article{crammer2002learnability,
	title={On the learnability and design of output codes for multiclass problems},
	author={Crammer, Koby and Singer, Yoram},
	journal={Machine learning},
	volume={47},
	number={2-3},
	pages={201--233},
	year={2002},
	publisher={Springer}
}
@article{vapnik2000bounds,
	title={Bounds on error expectation for support vector machines},
	author={Vapnik, Vladimir and Chapelle, Olivier},
	journal={Neural computation},
	volume={12},
	number={9},
	pages={2013--2036},
	year={2000},
	publisher={MIT Press}
}
@inproceedings{kifer2004detecting,
	title={Detecting change in data streams},
	author={Kifer, Daniel and Ben-David, Shai and Gehrke, Johannes},
	booktitle={Proceedings of the Thirtieth international conference on Very large data bases-Volume 30},
	pages={180--191},
	year={2004},
	organization={VLDB Endowment}
}
@inproceedings{liao2005logistic,
	title={Logistic regression with an auxiliary data source},
	author={Liao, Xuejun and Xue, Ya and Carin, Lawrence},
	booktitle={Proceedings of the 22nd international conference on Machine learning},
	pages={505--512},
	year={2005},
	organization={ACM}
}
@incollection{kuhlmann2007graph,
	title={Graph-based domain mapping for transfer learning in general games},
	author={Kuhlmann, Gregory and Stone, Peter},
	booktitle={Machine Learning: ECML 2007},
	pages={188--200},
	year={2007},
	publisher={Springer}
}
@inproceedings{talvitie2007experts,
	title={An Experts Algorithm for Transfer Learning.},
	author={Talvitie, Erik and Singh, Satinder P},
	booktitle={IJCAI},
	pages={1065--1070},
	year={2007}
}
@article{bakker2003task,
	title={Task clustering and gating for bayesian multitask learning},
	author={Bakker, Bart and Heskes, Tom},
	journal={The Journal of Machine Learning Research},
	volume={4},
	pages={83--99},
	year={2003},
	publisher={JMLR. org}
}
@inproceedings{rosenstein2005transfer,
	title={To transfer or not to transfer},
	author={Rosenstein, Michael T and Marx, Zvika and Kaelbling, Leslie Pack and Dietterich, Thomas G},
	booktitle={NIPS 2005 Workshop on Transfer Learning},
	volume={898},
	year={2005}
}
@incollection{torrey2005using,
	title={Using advice to transfer knowledge acquired in one reinforcement learning task to another},
	author={Torrey, Lisa and Walker, Trevor and Shavlik, Jude and Maclin, Richard},
	booktitle={Machine Learning: ECML 2005},
	pages={412--424},
	year={2005},
	publisher={Springer}
}
@article{lu2015transfer,
	title={Transfer learning using computational intelligence: a survey},
	author={Lu, Jie and Behbood, Vahid and Hao, Peng and Zuo, Hua and Xue, Shan and Zhang, Guangquan},
	journal={Knowledge-Based Systems},
	volume={80},
	pages={14--23},
	year={2015},
	publisher={Elsevier}
}
@article{torrey2009transfer,
	title={Transfer learning},
	author={Torrey, Lisa and Shavlik, Jude},
	journal={Handbook of Research on Machine Learning Applications and Trends: Algorithms, Methods, and Techniques},
	volume={1},
	pages={242},
	year={2009}
}
@inproceedings{yosinski2014transferable,
	title={How transferable are features in deep neural networks?},
	author={Yosinski, Jason and Clune, Jeff and Bengio, Yoshua and Lipson, Hod},
	booktitle={Advances in Neural Information Processing Systems},
	pages={3320--3328},
	year={2014}
}
@inproceedings{evgeniou2004regularized,
	title={Regularized multi--task learning},
	author={Evgeniou, Theodoros and Pontil, Massimiliano},
	booktitle={Proceedings of the tenth ACM SIGKDD international conference on Knowledge discovery and data mining},
	pages={109--117},
	year={2004},
	organization={ACM}
}
@article{evgeniou2007multi,
	title={Multi-task feature learning},
	author={Evgeniou, A and Pontil, Massimiliano},
	journal={Advances in neural information processing systems},
	volume={19},
	pages={41},
	year={2007}
}
@article{ben2010theory,
	title={A theory of learning from different domains},
	author={Ben-David, Shai and Blitzer, John and Crammer, Koby and Kulesza, Alex and Pereira, Fernando and Vaughan, Jennifer Wortman},
	journal={Machine learning},
	volume={79},
	number={1-2},
	pages={151--175},
	year={2010},
	publisher={Springer}
}
@inproceedings{jiang2007instance,
	title={Instance weighting for domain adaptation in NLP},
	author={Jiang, Jing and Zhai, ChengXiang},
	booktitle={ACL},
	volume={7},
	pages={264--271},
	year={2007}
}
@inproceedings{dai2007boosting,
	title={Boosting for transfer learning},
	author={Dai, Wenyuan and Yang, Qiang and Xue, Gui-Rong and Yu, Yong},
	booktitle={Proceedings of the 24th international conference on Machine learning},
	pages={193--200},
	year={2007},
	organization={ACM}
}
@inproceedings{hsieh2008dual,
	title={A dual coordinate descent method for large-scale linear SVM},
	author={Hsieh, Cho-Jui and Chang, Kai-Wei and Lin, Chih-Jen and Keerthi, S Sathiya and Sundararajan, Sellamanickam},
	booktitle={Proceedings of the 25th international conference on Machine learning},
	pages={408--415},
	year={2008},
	organization={ACM}
}
@article{platt1998sequential,
	title={Sequential minimal optimization: A fast algorithm for training support vector machines},
	author={Platt, John and others},
	year={1998},
	publisher={technical report msr-tr-98-14, Microsoft Research}
}
@article{aizerman1964probability,
	title={Probability problem of pattern recognition learning and potential functions method},
	author={Aizerman, MA and Braverman, EÌ Ð and Rozonoer, LI},
	journal={Avtomat. i Telemekh},
	volume={25},
	number={9},
	pages={1307--1323},
	year={1964}
}
@article{keerthi2003asymptotic,
	title={Asymptotic behaviors of support vector machines with Gaussian kernel},
	author={Keerthi, S Sathiya and Lin, Chih-Jen},
	journal={Neural computation},
	volume={15},
	number={7},
	pages={1667--1689},
	year={2003},
	publisher={MIT Press}
}
@inproceedings{yang2009linear,
	title={Linear spatial pyramid matching using sparse coding for image classification},
	author={Yang, Jianchao and Yu, Kai and Gong, Yihong and Huang, Tingwen},
	booktitle={The IEEE Conference on Computer Vision and Pattern Recognition (CVPR)},
	pages={1794--1801},
	year={2009},
	organization={IEEE}
}
@inproceedings{schuldt2004recognizing,
	title={Recognizing human actions: a local SVM approach},
	author={Sch{\"u}ldt, Christian and Laptev, Ivan and Caputo, Barbara},
	booktitle={Pattern Recognition, 2004. ICPR 2004. Proceedings of the 17th International Conference on},
	volume={3},
	pages={32--36},
	year={2004},
	organization={IEEE}
}
@inproceedings{coates2011analysis,
	title={An analysis of single-layer networks in unsupervised feature learning},
	author={Coates, Adam and Ng, Andrew Y and Lee, Honglak},
	booktitle={International conference on artificial intelligence and statistics},
	pages={215--223},
	year={2011}
}
@article{johansen1990maximum,
	title={Maximum likelihood estimation and inference on cointegrationâwith applications to the demand for money},
	author={Johansen, S{\o}ren and Juselius, Katarina},
	journal={Oxford Bulletin of Economics and statistics},
	volume={52},
	number={2},
	pages={169--210},
	year={1990},
	publisher={Wiley Online Library}
}
@article{tsoumakas2006multi,
	title={Multi-label classification: An overview},
	author={Tsoumakas, Grigorios and Katakis, Ioannis},
	journal={Dept. of Informatics, Aristotle University of Thessaloniki, Greece},
	year={2006}
}
@article{rifkin2004defense,
	title={In defense of one-vs-all classification},
	author={Rifkin, Ryan and Klautau, Aldebaro},
	journal={The Journal of Machine Learning Research},
	volume={5},
	pages={101--141},
	year={2004},
	publisher={JMLR. org}
}

@incollection{bottou2010large,
	title={Large-scale machine learning with stochastic gradient descent},
	author={Bottou, L{\'e}on},
	booktitle={Proceedings of COMPSTAT'2010},
	pages={177--186},
	year={2010},
	publisher={Springer}
}
@book{cristianini2000introduction,
	title={An introduction to support vector machines and other kernel-based learning methods},
	author={Cristianini, Nello and Shawe-Taylor, John},
	year={2000},
	publisher={Cambridge university press}
}
@incollection{van2006coloring,
	title={Coloring local feature extraction},
	author={Van De Weijer, Joost and Schmid, Cordelia},
	booktitle={Computer Vision--ECCV 2006},
	pages={334--348},
	year={2006},
	publisher={Springer}
}
@inproceedings{birchfield1998elliptical,
	title={Elliptical head tracking using intensity gradients and color histograms},
	author={Birchfield, Stan},
	booktitle={Computer Vision and Pattern Recognition, 1998. Proceedings. 1998 IEEE Computer Society Conference on},
	pages={232--237},
	year={1998},
	organization={IEEE}
}
@article{ojala2002multiresolution,
	title={Multiresolution gray-scale and rotation invariant texture classification with local binary patterns},
	author={Ojala, Timo and Pietik{\"a}inen, Matti and M{\"a}enp{\"a}{\"a}, Topi},
	journal={Pattern Analysis and Machine Intelligence, IEEE Transactions on},
	volume={24},
	number={7},
	pages={971--987},
	year={2002},
	publisher={IEEE}
}
@article{he2015deep,
	title={Deep Residual Learning for Image Recognition},
	author={He, Kaiming and Zhang, Xiangyu and Ren, Shaoqing and Sun, Jian},
	journal={arXiv preprint arXiv:1512.03385},
	year={2015}
}
@article{biederman1987recognition,
	title={Recognition-by-components: a theory of human image understanding.},
	author={Biederman, Irving},
	journal={Psychological review},
	volume={94},
	number={2},
	pages={115},
	year={1987},
	publisher={American Psychological Association}
}
@inproceedings{vincent2008extracting,
  title={Extracting and composing robust features with denoising autoencoders},
  author={Vincent, Pascal and Larochelle, Hugo and Bengio, Yoshua and Manzagol, Pierre-Antoine},
  booktitle={Proceedings of the 25th international conference on Machine learning},
  pages={1096--1103},
  year={2008},
  organization={ACM}
}
@inproceedings{jarrett2009best,
  title={What is the best multi-stage architecture for object recognition?},
  author={Jarrett, Kevin and Kavukcuoglu, Koray and Ranzato, Marc'Aurelio and LeCun, Yann},
  booktitle={Computer Vision, 2009 IEEE 12th International Conference on},
  pages={2146--2153},
  year={2009},
  organization={IEEE}
}
@article{hinton2012improving,
  title={Improving neural networks by preventing co-adaptation of feature detectors},
  author={Hinton, Geoffrey E and Srivastava, Nitish and Krizhevsky, Alex and Sutskever, Ilya and Salakhutdinov, Ruslan R},
  journal={arXiv preprint arXiv:1207.0580},
  year={2012}
}
@inproceedings{nair2010rectified,
  title={Rectified linear units improve restricted boltzmann machines},
  author={Nair, Vinod and Hinton, Geoffrey E},
  booktitle={Proceedings of the 27th International Conference on Machine Learning (ICML-10)},
  pages={807--814},
  year={2010}
}
@article{lecun1998gradient,
  title={Gradient-based learning applied to document recognition},
  author={LeCun, Yann and Bottou, L{\'e}on and Bengio, Yoshua and Haffner, Patrick},
  journal={Proceedings of the IEEE},
  volume={86},
  number={11},
  pages={2278--2324},
  year={1998},
  publisher={IEEE}
}
@inproceedings{boureau2010theoretical,
  title={A theoretical analysis of feature pooling in visual recognition},
  author={Boureau, Y-Lan and Ponce, Jean and LeCun, Yann},
  booktitle={Proceedings of the 27th International Conference on Machine Learning (ICML-10)},
  pages={111--118},
  year={2010}
}

@article{malmaud2015s,
  title={What's Cookin'? Interpreting Cooking Videos using Text, Speech and Vision},
  author={Malmaud, Jonathan and Huang, Jonathan and Rathod, Vivek and Johnston, Nick and Rabinovich, Andrew and Murphy, Kevin},
  journal={arXiv preprint arXiv:1503.01558},
  year={2015}
}
@article{wu2015deep,
  title={Deep image: Scaling up image recognition},
  author={Wu, Ren and Yan, Shengen and Shan, Yi and Dang, Qingqing and Sun, Gang},
  journal={arXiv preprint arXiv:1501.02876},
  year={2015}
}
@inproceedings{ciresan2012multi,
  title={Multi-column deep neural networks for image classification},
  author={Ciresan, Dan and Meier, Ueli and Schmidhuber, J{\"u}rgen},
  booktitle={Computer Vision and Pattern Recognition (CVPR), 2012 IEEE Conference on},
  pages={3642--3649},
  year={2012},
  organization={IEEE}
}
@inproceedings{chellapilla2006high,
  title={High performance convolutional neural networks for document processing},
  author={Chellapilla, Kumar and Puri, Sidd and Simard, Patrice},
  booktitle={Tenth International Workshop on Frontiers in Handwriting Recognition},
  year={2006},
  organization={Suvisoft}
}
@inproceedings{marc2006efficient,
  title={Efficient learning of sparse representations with an energy-based model},
  author={Marc'Aurelio Ranzato, Christopher Poultney and Chopra, Sumit and Lecun, Yann},
  booktitle={ADVANCES IN NEURAL INFORMATION PROCESSING SYSTEMS (NIPS 2006},
  year={2006},
  organization={Citeseer}
}
@article{baldi1993neural,
  title={Neural networks for fingerprint recognition},
  author={Baldi, Pierre and Chauvin, Yves},
  journal={Neural Computation},
  volume={5},
  number={3},
  pages={402--418},
  year={1993},
  publisher={MIT Press}
}
@inproceedings{le1990handwritten,
  title={Handwritten digit recognition with a back-propagation network},
  author={Le Cun, B Boser and Denker, John S and Henderson, D and Howard, Richard E and Hubbard, W and Jackel, Lawrence D},
  booktitle={Advances in neural information processing systems},
  year={1990},
  organization={Citeseer}
}
@article{lecun1989backpropagation,
  title={Backpropagation applied to handwritten zip code recognition},
  author={LeCun, Yann and Boser, Bernhard and Denker, John S and Henderson, Donnie and Howard, Richard E and Hubbard, Wayne and Jackel, Lawrence D},
  journal={Neural computation},
  volume={1},
  number={4},
  pages={541--551},
  year={1989},
  publisher={MIT Press}
}
@article{fukushima1980neocognitron,
  title={Neocognitron: A self-organizing neural network model for a mechanism of pattern recognition unaffected by shift in position},
  author={Fukushima, Kunihiko},
  journal={Biological cybernetics},
  volume={36},
  number={4},
  pages={193--202},
  year={1980},
  publisher={Springer}
}
@article{kondo2008multi,
  title={Multi-layered GMDH-type neural network self-selecting optimum neural network architecture and its application to 3-dimensional medical image recognition of blood vessels},
  author={Kondo, Tadashi and Ueno, Junji},
  journal={International Journal of innovative computing, information and control},
  volume={4},
  number={1},
  pages={175--187},
  year={2008}
}
@article{witczak2006gmdh,
  title={A GMDH neural network-based approach to robust fault diagnosis: Application to the DAMADICS benchmark problem},
  author={Witczak, Marcin and Korbicz, J{\'o}zef and Mrugalski, Marcin and Patton, Ron J},
  journal={Control Engineering Practice},
  volume={14},
  number={6},
  pages={671--683},
  year={2006},
  publisher={Elsevier}
}
@book{farlow1984self,
  title={Self-organizing methods in modeling: GMDH type algorithms},
  author={Farlow, Stanley J},
  volume={54},
  year={1984},
  publisher={CrC Press}
}
@article{ikeda1976sequential,
  title={Sequential GMDH algorithm and its application to river flow prediction},
  author={Ikeda, Saburo and Ochiai, Mikiko and Sawaragi, Yoshikazu},
  journal={Systems, Man and Cybernetics, IEEE Transactions on},
  number={7},
  pages={473--479},
  year={1976},
  publisher={IEEE}
}
@book{ivakhnenko1965cybernetic,
  title={Cybernetic predicting devices},
  author={Ivakhnenko, Alexey GrigorÊ¹evich and Lapa, Valentin Grigor{\'e}vich},
  year={1965},
  publisher={CCM Information Corporation}
}
@article{Schmidhuber14,
  author    = {J{\"{u}}rgen Schmidhuber},
  title     = {Deep Learning in Neural Networks: An Overview},
  journal   = {CoRR},
  volume    = {abs/1404.7828},
  year      = {2014},
  url       = {http://arxiv.org/abs/1404.7828},
}
@article{rosenblatt1962principles,
  title={Principles of neurodynamics},
  author={Rosenblatt, Frank},
  year={1962},
  publisher={Spartan Book}
}
@article{rosenblatt1958perceptron,
  title={The perceptron: a probabilistic model for information storage and organization in the brain.},
  author={Rosenblatt, Frank},
  journal={Psychological review},
  volume={65},
  number={6},
  pages={386},
  year={1958},
  publisher={American Psychological Association}
}
@inproceedings{gehler2009feature,
	title={On feature combination for multiclass object classification},
	author={Gehler, Peter and Nowozin, Sebastian},
	booktitle={Computer Vision, 2009 IEEE 12th International Conference on},
	pages={221--228},
	year={2009},
	organization={IEEE}
}
@inproceedings{kuzborskij2013stability,
  title={Stability and hypothesis transfer learning},
  author={Kuzborskij, Ilja and Orabona, Francesco},
  booktitle={Proceedings of the 30th International Conference on Machine Learning},
  pages={942--950},
  year={2013}
}
@article{shalev2011pegasos,
  title={Pegasos: Primal estimated sub-gradient solver for svm},
  author={Shalev-Shwartz, Shai and Singer, Yoram and Srebro, Nathan and Cotter, Andrew},
  journal={Mathematical programming},
  volume={127},
  number={1},
  pages={3--30},
  year={2011},
  publisher={Springer}
}
@inproceedings{wang2010multi,
  title={Multi-class pegasos on a budget},
  author={Wang, Zhuang and Crammer, Koby and Vucetic, Slobodan},
  booktitle={Proceedings of the 27th International Conference on Machine Learning (ICML-10)},
  pages={1143--1150},
  year={2010}
}
@article{suykens1999least,
  title={Least squares support vector machine classifiers},
  author={Suykens, Johan AK and Vandewalle, Joos},
  journal={Neural processing letters},
  volume={9},
  number={3},
  pages={293--300},
  year={1999},
  publisher={Springer}
}
@article{Lu201514,
title = "Transfer learning using computational intelligence: A survey ",
journal = "Knowledge-Based Systems ",
volume = "80",
number = "",
pages = "14 - 23",
year = "2015",
note = "25th anniversary of Knowledge-Based Systems ",
issn = "0950-7051",
author = "Jie Lu and Vahid Behbood and Peng Hao and Hua Zuo and Shan Xue and Guangquan Zhang",
}
@INPROCEEDINGS{Thrun96islearning,
    author = {Sebastian Thrun},
    title = {Is Learning The n-th Thing Any Easier Than Learning The First?},
    booktitle = {Advances in Neural Information Processing Systems},
    year = {1996},
    pages = {640--646},
    publisher = {The MIT Press}
}
@article{fei2006one,
  title={One-shot learning of object categories},
  author={Fei-Fei, Li and Fergus, Rob and Perona, Pietro},
  journal={Pattern Analysis and Machine Intelligence, IEEE Transactions on},
  volume={28},
  number={4},
  pages={594--611},
  year={2006},
  publisher={IEEE}
}
@book{BoydCO,
 author = {Boyd, Stephen and Vandenberghe, Lieven},
 title = {Convex Optimization},
 year = {2004},
 isbn = {0521833787},
 publisher = {Cambridge University Press},
 address = {New York, NY, USA},
} 

@inproceedings{lampert2009learning,
  title={Learning to detect unseen object classes by between-class attribute transfer},
  author={Lampert, Christoph H and Nickisch, Hannes and Harmeling, Stefan},
  booktitle={The IEEE Conference on Computer Vision and Pattern Recognition (CVPR)},
  pages={951--958},
  year={2009},
  organization={IEEE}
}
@article{griffin2007caltech,
  title={Caltech-256 object category dataset},
  author={Griffin, Gregory and Holub, Alex and Perona, Pietro},
  year={2007},
  publisher={California Institute of Technology}
}
@article{kpalma2007overview,
  title={An overview of advances of pattern recognition systems in computer vision},
  author={Kpalma, Kidiyo and Ronsin, Joseph and others},
  journal={Vision Systems},
  year={2007}
}
@article{hinton06,
  author    = {Geoffrey E. Hinton and
               Simon Osindero and
               Yee Whye Teh},
  title     = {A Fast Learning Algorithm for Deep Belief Nets},
  journal   = {Neural Computation},
  volume    = {18},
  number    = {7},
  year      = {2006},
  pages     = {1527-1554},
}
@inproceedings{Berkes:2005,
 author = {Berkes, Pietro},
 title = {Handwritten digit recognition with nonlinear fisher discriminant analysis},
 booktitle = {Proceedings of the 15th international conference on Artificial neural networks: formal models and their applications - Volume Part II},
 series = {ICANN'05},
 year = {2005},
 isbn = {3-540-28755-8, 978-3-540-28755-1},
 location = {Warsaw, Poland},
 pages = {285--287},
 numpages = {3},
 url = {http://dl.acm.org/citation.cfm?id=1986079.1986132},
 acmid = {1986132},
 publisher = {Springer-Verlag},
 address = {Berlin, Heidelberg},
 keywords = {digit recognition, feature extraction, nonlinear fisher discriminant analysis, pattern recognition},
}

@article{SVM99,
  author    = {Olivier Chapelle and
               Patrick Haffner and
               Vladimir Vapnik},
  title     = {Support vector machines for histogram-based image classification},
  journal   = {IEEE Transactions on Neural Networks},
  volume    = {10},
  number    = {5},
  year      = {1999},
  pages     = {1055-1064},
  ee        = {http://doi.ieeecomputersociety.org/10.1109/72.788646},
  bibsource = {DBLP, http://dblp.uni-trier.de}
}
@inproceedings{LeCun12,
  author    = {Yann LeCun},
  title     = {Learning Invariant Feature Hierarchies},
  booktitle = {ECCV Workshops (1)},
  year      = {2012},
  pages     = {496-505},
  ee        = {http://dx.doi.org/10.1007/978-3-642-33863-2_51},
  crossref  = {DBLP:conf/eccv/2012w1},
  bibsource = {DBLP, http://dblp.uni-trier.de}
}
@inproceedings{LeRMDCCDN12,
  author    = {Quoc V. Le and
               Marc'Aurelio Ranzato and
               Rajat Monga and
               Matthieu Devin and
               Greg Corrado and
               Kai Chen and
               Jeffrey Dean and
               Andrew Y. Ng},
  title     = {Building high-level features using large scale unsupervised
               learning},
  booktitle = {ICML},
  year      = {2012},
  ee        = {http://icml.cc/discuss/2012/73.html},
  crossref  = {DBLP:conf/icml/2012},
  bibsource = {DBLP, http://dblp.uni-trier.de}
}

@article{AbbasnejadRR12,
  author    = {M. Ehsan Abbasnejad and
               Dhanesh Ramachandram and
               Mandava Rajeswari},
  title     = {A survey of the state of the art in learning the kernels},
  journal   = {Knowl. Inf. Syst.},
  volume    = {31},
  number    = {2},
  year      = {2012},
  pages     = {193-221},
  ee        = {http://dx.doi.org/10.1007/s10115-011-0404-6},
  bibsource = {DBLP, http://dblp.uni-trier.de}
}

@inproceedings{Yann98,
  author    = {Yann LeCun and
               Patrick Haffner and
               L{\'e}on Bottou and
               Yoshua Bengio},
  title     = {Object Recognition with Gradient-Based Learning},
  booktitle = {Shape, Contour and Grouping in Computer Vision},
  year      = {1999},
  pages     = {319-},
  ee        = {http://dx.doi.org/10.1007/3-540-46805-6_19},
  crossref  = {DBLP:conf/shape/1999},
  bibsource = {DBLP, http://dblp.uni-trier.de}
}
@inproceedings{CiresanIJCAI11,
  author    = {Dan Claudiu Ciresan and
               Ueli Meier and
               Jonathan Masci and
               Luca Maria Gambardella and
               J{\"u}rgen Schmidhuber},
  title     = {Flexible, High Performance Convolutional Neural Networks
               for Image Classification},
  booktitle = {IJCAI},
  year      = {2011},
  pages     = {1237-1242},
  ee        = {http://ijcai.org/papers11/Papers/IJCAI11-210.pdf},
  crossref  = {DBLP:conf/ijcai/2011},
  bibsource = {DBLP, http://dblp.uni-trier.de}
}

@inproceedings{RanzatoNIPS06,
  author    = {Marc'Aurelio Ranzato and
               Christopher S. Poultney and
               Sumit Chopra and
               Yann LeCun},
  title     = {Efficient Learning of Sparse Representations with an Energy-Based
               Model},
  booktitle = {Advances in neural information processing systems},
  year      = {2006},
  pages     = {1137-1144},
  ee        = {http://books.nips.cc/papers/files/nips19/NIPS2006_0804.pdf},
  crossref  = {DBLP:conf/nips/2006},
  bibsource = {DBLP, http://dblp.uni-trier.de}
}
@article{Hinton02,
  author    = {Geoffrey E. Hinton},
  title     = {Training Products of Experts by Minimizing Contrastive Divergence},
  journal   = {Neural Computation},
  volume    = {14},
  number    = {8},
  year      = {2002},
  pages     = {1771-1800},
  ee        = {http://dx.doi.org/10.1162/089976602760128018},
  bibsource = {DBLP, http://dblp.uni-trier.de}
}

@incollection{Hinton12,
  author    = {Geoffrey E. Hinton},
  title     = {A Practical Guide to Training Restricted Boltzmann Machines},
  booktitle = {Neural Networks: Tricks of the Trade (2nd ed.)},
  year      = {2012},
  pages     = {599-619},
  ee        = {http://dx.doi.org/10.1007/978-3-642-35289-8_32},
  crossref  = {DBLP:series/lncs/7700},
  bibsource = {DBLP, http://dblp.uni-trier.de}
}

@article{SutskeverT10,
  author    = {Ilya Sutskever and
               Tijmen Tieleman},
  title     = {On the Convergence Properties of Contrastive Divergence},
  journal   = {Journal of Machine Learning Research - Proceedings Track},
  volume    = {9},
  year      = {2010},
  pages     = {789-795},
  ee        = {http://www.jmlr.org/proceedings/papers/v9/sutskever10a.html},
  bibsource = {DBLP, http://dblp.uni-trier.de}
}
@article{Srivastava13,
  author    = {Nitish Srivastava and
               Ruslan Salakhutdinov and
               Geoffrey E. Hinton},
  title     = {Modeling Documents with Deep Boltzmann Machines},
  journal   = {CoRR},
  volume    = {abs/1309.6865},
  year      = {2013},
  ee        = {http://arxiv.org/abs/1309.6865},
  bibsource = {DBLP, http://dblp.uni-trier.de}
}

@article{ErhanCBV10,
  author    = {Dumitru Erhan and
               Aaron C. Courville and
               Yoshua Bengio and
               Pascal Vincent},
  title     = {Why Does Unsupervised Pre-training Help Deep Learning?},
  journal   = {Journal of Machine Learning Research - Proceedings Track},
  volume    = {9},
  year      = {2010},
  pages     = {201-208},
  ee        = {http://www.jmlr.org/proceedings/papers/v9/erhan10a.html},
  bibsource = {DBLP, http://dblp.uni-trier.de}
}

@article{SalakhutdinovH07,
  author    = {Ruslan Salakhutdinov and
               Geoffrey E. Hinton},
  title     = {Learning a Nonlinear Embedding by Preserving Class Neighbourhood
               Structure},
  journal   = {Journal of Machine Learning Research - Proceedings Track},
  volume    = {2},
  year      = {2007},
  pages     = {412-419},
  ee        = {http://www.jmlr.org/proceedings/papers/v2/salakhutdinov07a.html},
  bibsource = {DBLP, http://dblp.uni-trier.de}
}

@inproceedings{BengioICML09,
  author    = {Yoshua Bengio and
               J{\'e}r{\^o}me Louradour and
               Ronan Collobert and
               Jason Weston},
  title     = {Curriculum learning},
  booktitle = {ICML},
  year      = {2009},
  pages     = {6},
  ee        = {http://doi.acm.org/10.1145/1553374.1553380},
  crossref  = {DBLP:conf/icml/2009},
  bibsource = {DBLP, http://dblp.uni-trier.de}
}

@article{Bengio13,
  author    = {Yoshua Bengio and
               Aaron C. Courville and
               Pascal Vincent},
  title     = {Representation Learning: A Review and New Perspectives},
  journal   = {IEEE Trans. Pattern Anal. Mach. Intell.},
  volume    = {35},
  number    = {8},
  year      = {2013},
  pages     = {1798-1828},
  ee        = {http://doi.ieeecomputersociety.org/10.1109/TPAMI.2013.50},
  bibsource = {DBLP, http://dblp.uni-trier.de}
}
@inproceedings{cho2011,
  title={Enhanced gradient and adaptive learning rate for training restricted Boltzmann machines},
  author={Cho, KyungHyun and Raiko, Tapani and Ihler, Alexander T},
  booktitle={Proceedings of the 28th International Conference on Machine Learning (ICML-11)},
  pages={105--112},
  year={2011}
}

@article{GlorotB10,
  author    = {Xavier Glorot and
               Yoshua Bengio},
  title     = {Understanding the difficulty of training deep feedforward
               neural networks},
  journal   = {Journal of Machine Learning Research - Proceedings Track},
  volume    = {9},
  year      = {2010},
  pages     = {249-256},
  ee        = {http://www.jmlr.org/proceedings/papers/v9/glorot10a.html},
  bibsource = {DBLP, http://dblp.uni-trier.de}
}
@article{GlorotBB11,
  author    = {Xavier Glorot and
               Antoine Bordes and
               Yoshua Bengio},
  title     = {Deep Sparse Rectifier Neural Networks},
  journal   = {Journal of Machine Learning Research - Proceedings Track},
  volume    = {15},
  year      = {2011},
  pages     = {315-323},
  ee        = {http://www.jmlr.org/proceedings/papers/v15/glorot11a/glorot11a.pdf},
  bibsource = {DBLP, http://dblp.uni-trier.de}
}

@inproceedings{NairH10,
  author    = {Vinod Nair and
               Geoffrey E. Hinton},
  title     = {Rectified Linear Units Improve Restricted Boltzmann Machines},
  booktitle = {ICML},
  year      = {2010},
  pages     = {807-814},
  ee        = {http://www.icml2010.org/papers/432.pdf},
  crossref  = {DBLP:conf/icml/2010},
  bibsource = {DBLP, http://dblp.uni-trier.de}
}

@inproceedings{martens2010deep,
  title={Deep learning via Hessian-free optimization},
  author={Martens, James},
  booktitle={Proceedings of the 27th International Conference on Machine Learning (ICML-10)},
  pages={735--742},
  year={2010}
}

@inproceedings{LeNCLPN11,
  author    = {Quoc V. Le and
               Jiquan Ngiam and
               Adam Coates and
               Ahbik Lahiri and
               Bobby Prochnow and
               Andrew Y. Ng},
  title     = {On optimization methods for deep learning},
  booktitle = {ICML},
  year      = {2011},
  pages     = {265-272},
  crossref  = {DBLP:conf/icml/2011},
  bibsource = {DBLP, http://dblp.uni-trier.de}
}
@article{bengio2007scaling,
  title={Scaling learning algorithms towards AI},
  author={Bengio, Yoshua and LeCun, Yann},
  journal={Large-Scale Kernel Machines},
  volume={34},
  year={2007}
}
@article{olshausen1996emergence,
  title={Emergence of simple-cell receptive field properties by learning a sparse code for natural images},
  author={Olshausen, Bruno A and others},
  journal={Nature},
  volume={381},
  number={6583},
  pages={607--609},
  year={1996}
}
@inproceedings{LarochelleB08,
  author    = {Hugo Larochelle and
               Yoshua Bengio},
  title     = {Classification using discriminative restricted Boltzmann
               machines},
  booktitle = {ICML},
  year      = {2008},
  pages     = {536-543},
  ee        = {http://doi.acm.org/10.1145/1390156.1390224},
  crossref  = {DBLP:conf/icml/2008},
  bibsource = {DBLP, http://dblp.uni-trier.de}
}
@inproceedings{raina2009large,
  title={Large-scale deep unsupervised learning using graphics processors.},
  author={Raina, Rajat and Madhavan, Anand and Ng, Andrew Y},
  booktitle={ICML},
  volume={9},
  pages={873--880},
  year={2009}
}

@incollection{LeCunBOM12,
  author    = {Yann LeCun and
               L{\'e}on Bottou and
               Genevieve B. Orr and
               Klaus-Robert M{\"u}ller},
  title     = {Efficient BackProp},
  booktitle = {Neural Networks: Tricks of the Trade (2nd ed.)},
  year      = {2012},
  pages     = {9-48},
  ee        = {http://dx.doi.org/10.1007/978-3-642-35289-8_3},
  crossref  = {DBLP:series/lncs/7700},
  bibsource = {DBLP, http://dblp.uni-trier.de}
}

@article{BergstraB12,
  author    = {James Bergstra and
               Yoshua Bengio},
  title     = {Random Search for Hyper-Parameter Optimization},
  journal   = {Journal of Machine Learning Research},
  volume    = {13},
  year      = {2012},
  pages     = {281-305},
  ee        = {http://dl.acm.org/citation.cfm?id=2188395},
  bibsource = {DBLP, http://dblp.uni-trier.de}
}

@inproceedings{BergstraBBK11,
  author    = {James Bergstra and
               R{\'e}mi Bardenet and
               Yoshua Bengio and
               Bal{\'a}zs K{\'e}gl},
  title     = {Algorithms for Hyper-Parameter Optimization},
  booktitle = {NIPS},
  year      = {2011},
  pages     = {2546-2554},
  ee        = {http://books.nips.cc/papers/files/nips24/NIPS2011_1385.pdf},
  crossref  = {DBLP:conf/nips/2011},
  bibsource = {DBLP, http://dblp.uni-trier.de}
}
@article{snoek2012practical,
  title={Practical Bayesian optimization of machine learning algorithms},
  author={Snoek, Jasper and Larochelle, Hugo and Adams, Ryan P},
  journal={arXiv preprint arXiv:1206.2944},
  year={2012}
}
@article{cirecsan2010deep,
  title={Deep, big, simple neural nets for handwritten digit recognition},
  author={Cire{\c{s}}an, Dan Claudiu and Meier, Ueli and Gambardella, Luca Maria and Schmidhuber, J{\"u}rgen},
  journal={Neural computation},
  volume={22},
  number={12},
  pages={3207--3220},
  year={2010},
  publisher={MIT Press}
}

@inproceedings{glorot2011deep,
  title={Deep Sparse Rectifier Networks},
  author={Glorot, Xavier and Bordes, Antoine and Bengio, Yoshua},
  booktitle={Proceedings of the 14th International Conference on Artificial Intelligence and Statistics. JMLR W\&CP Volume},
  volume={15},
  pages={315--323},
  year={2011}
}
@inproceedings{seide2011conversational,
  title={Conversational Speech Transcription Using Context-Dependent Deep Neural Networks.},
  author={Seide, Frank and Li, Gang and Yu, Dong},
  booktitle={INTERSPEECH},
  pages={437--440},
  year={2011}
}
@article{CoatesNL11,
  author    = {Adam Coates and
               Andrew Y. Ng and
               Honglak Lee},
  title     = {An Analysis of Single-Layer Networks in Unsupervised Feature
               Learning},
  journal   = {Journal of Machine Learning Research - Proceedings Track},
  volume    = {15},
  year      = {2011},
  pages     = {215-223},
  ee        = {http://www.jmlr.org/proceedings/papers/v15/coates11a/coates11a.pdf},
  bibsource = {DBLP, http://dblp.uni-trier.de}
}

@inproceedings{pelleg1999accelerating,
  title={Accelerating exact k-means algorithms with geometric reasoning},
  author={Pelleg, Dan and Moore, Andrew},
  booktitle={Proceedings of the fifth ACM SIGKDD international conference on Knowledge discovery and data mining},
  pages={277--281},
  year={1999},
  organization={ACM}
}
@inproceedings{pelleg2000x,
  title={X-means: Extending K-means with Efficient Estimation of the Number of Clusters.},
  author={Pelleg, Dan and Moore, Andrew W and others},
  booktitle={ICML},
  pages={727--734},
  year={2000}
}
@inproceedings{gibou2002fast,
  title={A fast hybrid k-means level set algorithm for segmentation},
  author={Gibou, Fr{\'e}d{\'e}ric and Fedkiw, Ronald},
  booktitle={4th Annual Hawaii International Conference on Statistics and Mathematics},
  pages={281--291},
  year={2002}
}

@inproceedings{csurka2004visual,
  title={Visual categorization with bags of keypoints},
  author={Csurka, Gabriella and Dance, Christopher and Fan, Lixin and Willamowski, Jutta and Bray, C{\'e}dric},
  booktitle={Workshop on statistical learning in computer vision, ECCV},
  volume={1},
  pages={22},
  year={2004}
}
@inproceedings{lazebnik2006beyond,
  title={Beyond bags of features: Spatial pyramid matching for recognizing natural scene categories},
  author={Lazebnik, Svetlana and Schmid, Cordelia and Ponce, Jean},
  booktitle={Computer Vision and Pattern Recognition, 2006 IEEE Computer Society Conference on},
  volume={2},
  pages={2169--2178},
  year={2006},
  organization={IEEE}
}

@article{quattoni2009recognizing,
  title={Recognizing indoor scenes},
  author={Quattoni, Ariadna and Torralba, Antonio},
  booktitle={IEEE Conference on Computer Vision and Pattern Recognition (CVPR) 2009},
  year={2009}
}

@article{desikan2006automated,
  title={An automated labeling system for subdividing the human cerebral cortex on MRI scans into gyral based regions of interest},
  author={Desikan, Rahul S and S{\'e}gonne, Florent and Fischl, Bruce and Quinn, Brian T and Dickerson, Bradford C and Blacker, Deborah and Buckner, Randy L and Dale, Anders M and Maguire, R Paul and Hyman, Bradley T and others},
  journal={Neuroimage},
  volume={31},
  number={3},
  pages={968--980},
  year={2006},
  publisher={Elsevier}
}
@inproceedings{arthur2007k,
  title={k-means++: The advantages of careful seeding},
  author={Arthur, David and Vassilvitskii, Sergei},
  booktitle={Proceedings of the eighteenth annual ACM-SIAM symposium on Discrete algorithms},
  pages={1027--1035},
  year={2007},
  organization={Society for Industrial and Applied Mathematics}
}

@inproceedings{GrosseRKN07,
  author    = {Roger Grosse and
               Rajat Raina and
               Helen Kwong and
               Andrew Y. Ng},
  title     = {Shift-Invariance Sparse Coding for Audio Classification},
  booktitle = {UAI},
  year      = {2007},
  pages     = {149-158},
  ee        = {http://uai.sis.pitt.edu/displayArticleDetails.jsp?mmnu=1{\&}smnu=2{\&}article_id=1685{\&}proceeding_id=23},
  crossref  = {DBLP:conf/uai/2007},
  bibsource = {DBLP, http://dblp.uni-trier.de}
}
@article{powers2011evaluation,
  title={Evaluation: From precision, recall and f-measure to roc., informedness, markedness \& correlation},
  author={Powers, DMW},
  journal={Journal of Machine Learning Technologies},
  volume={2},
  number={1},
  pages={37--63},
  year={2011}
}

@article{davies1979cluster,
  title={A cluster separation measure},
  author={Davies, David L and Bouldin, Donald W},
  journal={Pattern Analysis and Machine Intelligence, IEEE Transactions on},
  number={2},
  pages={224--227},
  year={1979},
  publisher={IEEE}
}

@article{dunn1973fuzzy,
  title={A fuzzy relative of the ISODATA process and its use in detecting compact well-separated clusters},
  author={Dunn, Joseph C},
  year={1973},
  publisher={Taylor \& Francis}
}

@book{mackay2003information,
  title={Information theory, inference and learning algorithms},
  author={MacKay, David JC},
  year={2003},
  publisher={Cambridge university press}
}
@article{peng2005feature,
  title={Feature selection based on mutual information criteria of max-dependency, max-relevance, and min-redundancy},
  author={Peng, Hanchuan and Long, Fuhui and Ding, Chris},
  journal={Pattern Analysis and Machine Intelligence, IEEE Transactions on},
  volume={27},
  number={8},
  pages={1226--1238},
  year={2005},
  publisher={IEEE}
}

@inproceedings{buades2005non,
  title={A non-local algorithm for image denoising},
  author={Buades, Antoni and Coll, Bartomeu and Morel, J-M},
  booktitle={The IEEE Conference on Computer Vision and Pattern Recognition (CVPR)},
  volume={2},
  pages={60--65},
  year={2005},
  organization={IEEE}
}
@article{maurer2003linear,
  title={A linear time algorithm for computing exact Euclidean distance transforms of binary images in arbitrary dimensions},
  author={Maurer Jr, Calvin R and Qi, Rensheng and Raghavan, Vijay},
  journal={Pattern Analysis and Machine Intelligence, IEEE Transactions on},
  volume={25},
  number={2},
  pages={265--270},
  year={2003},
  publisher={IEEE}
}

@article{rehn2007network,
  title={A network that uses few active neurones to code visual input predicts the diverse shapes of cortical receptive fields},
  author={Rehn, Martin and Sommer, Friedrich T},
  journal={Journal of computational neuroscience},
  volume={22},
  number={2},
  pages={135--146},
  year={2007},
  publisher={Springer}
}

@inproceedings{lowe1999object,
  title={Object recognition from local scale-invariant features},
  author={Lowe, David G},
  booktitle={Computer vision, 1999. The proceedings of the seventh IEEE international conference on},
  volume={2},
  pages={1150--1157},
  year={1999},
  organization={Ieee}
}
@inproceedings{ray1999determination,
  title={Determination of number of clusters in k-means clustering and application in colour image segmentation},
  author={Ray, Siddheswar and Turi, Rose H},
  booktitle={Proceedings of the 4th international conference on advances in pattern recognition and digital techniques},
  pages={137--143},
  year={1999}
}

@incollection{bay2006surf,
  title={Surf: Speeded up robust features},
  author={Bay, Herbert and Tuytelaars, Tinne and Van Gool, Luc},
  booktitle={Computer vision--ECCV 2006},
  pages={404--417},
  year={2006},
  publisher={Springer}
}
@inproceedings{dalal2005histograms,
  title={Histograms of oriented gradients for human detection},
  author={Dalal, Navneet and Triggs, Bill},
  booktitle={The IEEE Conference on Computer Vision and Pattern Recognition (CVPR)},
  volume={1},
  pages={886--893},
  year={2005},
  organization={IEEE}
}

@inproceedings{krizhevsky2012imagenet,
  title={Imagenet classification with deep convolutional neural networks},
  author={Krizhevsky, Alex and Sutskever, Ilya and Hinton, Geoffrey E},
  booktitle={Advances in neural information processing systems},
  pages={1097--1105},
  year={2012}
}
@article{figueiredo2002unsupervised,
  title={Unsupervised learning of finite mixture models},
  author={Figueiredo, Mario AT and Jain, Anil K.},
  journal={Pattern Analysis and Machine Intelligence, IEEE Transactions on},
  volume={24},
  number={3},
  pages={381--396},
  year={2002},
  publisher={IEEE}
}


@article{szegedy2014going,
  title={Going deeper with convolutions},
  author={Szegedy, Christian and Liu, Wei and Jia, Yangqing and Sermanet, Pierre and Reed, Scott and Anguelov, Dragomir and Erhan, Dumitru and Vanhoucke, Vincent and Rabinovich, Andrew},
  journal={arXiv preprint arXiv:1409.4842},
  year={2014}
}


@incollection{zeiler2014visualizing,
  title={Visualizing and understanding convolutional networks},
  author={Zeiler, Matthew D and Fergus, Rob},
  booktitle={Computer Vision--ECCV 2014},
  pages={818--833},
  year={2014},
  publisher={Springer}
}
@article{simonyan2014very,
author    = {Karen Simonyan and
               Andrew Zisserman},
  title     = {Very Deep Convolutional Networks for Large-Scale Image Recognition},
  journal   = {CoRR},
  volume    = {abs/1409.1556},
  year      = {2014},
}

@InProceedings{Chatfield14,
  author       = "Chatfield, K. and Simonyan, K. and Vedaldi, A. and Zisserman, A.",
  title        = "Return of the Devil in the Details: Delving Deep into Convolutional Nets",
  booktitle    = "British Machine Vision Conference",
  year         = "2014",
}

@article{wei2014cnn,
  title={CNN: Single-label to multi-label},
  author={Wei, Yunchao and Xia, Wei and Huang, Junshi and Ni, Bingbing and Dong, Jian and Zhao, Yao and Yan, Shuicheng},
  journal={arXiv preprint arXiv:1406.5726},
  year={2014}
}

@incollection{agrawal2014analyzing,
  title={Analyzing the performance of multilayer neural networks for object recognition},
  author={Agrawal, Pulkit and Girshick, Ross and Malik, Jitendra},
  booktitle={Computer Vision--ECCV 2014},
  pages={329--344},
  year={2014},
  publisher={Springer}
}
@InProceedings{kawano14c,
 author="Kawano, Y. and Yanai, K.",
 title="Automatic Expansion of a Food Image Dataset Leveraging Existing Categories with Domain Adaptation",
 booktitle="Proc. of ECCV Workshop on Transferring and Adapting Source
Knowledge in Computer Vision (TASK-CV)",
 year="2014",
}


@article{srivastava2014dropout,
  title={Dropout: A simple way to prevent neural networks from overfitting},
  author={Srivastava, Nitish and Hinton, Geoffrey and Krizhevsky, Alex and Sutskever, Ilya and Salakhutdinov, Ruslan},
  journal={The Journal of Machine Learning Research},
  volume={15},
  number={1},
  pages={1929--1958},
  year={2014},
  publisher={JMLR. org}
}

@article{lin2013network,
  title={Network in network},
  author={Lin, Min and Chen, Qiang and Yan, Shuicheng},
  journal={arXiv preprint arXiv:1312.4400},
  year={2013}
}
@article{linNiN,
  author    = {Min Lin and
               Qiang Chen and
               Shuicheng Yan},
  title     = {Network In Network},
  journal   = {CoRR},
  volume    = {abs/1312.4400},
  year      = {2013},
}
@inproceedings{jia2014caffe,
  title={Caffe: Convolutional architecture for fast feature embedding},
  author={Jia, Yangqing and Shelhamer, Evan and Donahue, Jeff and Karayev, Sergey and Long, Jonathan and Girshick, Ross and Guadarrama, Sergio and Darrell, Trevor},
  booktitle={Proceedings of the ACM International Conference on Multimedia},
  pages={675--678},
  year={2014},
  organization={ACM}
}

@inproceedings{glorot2010understanding,
  title={Understanding the difficulty of training deep feedforward neural networks},
  author={Glorot, Xavier and Bengio, Yoshua},
  booktitle={International conference on artificial intelligence and statistics},
  pages={249--256},
  year={2010}
}
}

@incollection{NIPS2014_Zhou,
title = {Learning Deep Features for Scene Recognition using Places Database},
author = {Zhou, Bolei and Lapedriza, Agata and Xiao, Jianxiong and Torralba, Antonio and Oliva, Aude},
booktitle = {Advances in Neural Information Processing Systems 27},
editor = {Z. Ghahramani and M. Welling and C. Cortes and N.D. Lawrence and K.Q. Weinberger},
pages = {487--495},
year = {2014},
publisher = {Curran Associates, Inc.},
}

@incollection{singh2012unsupervised,
  title={Unsupervised discovery of mid-level discriminative patches},
  author={Singh, Saurabh and Gupta, Abhinav and Efros, Alexei A},
  booktitle={Computer Vision--ECCV 2012},
  pages={73--86},
  year={2012},
  publisher={Springer}
}
@inproceedings{Kawano:2014,
 author = {Kawano, Yoshiyuki and Yanai, Keiji},
 title = {FoodCam-256: A Large-scale Real-time Mobile Food RecognitionSystem Employing High-Dimensional Features and Compression of Classifier Weights},
 booktitle = {Proceedings of the ACM International Conference on Multimedia},
 series = {MM '14},
 year = {2014},
 isbn = {978-1-4503-3063-3},
 location = {Orlando, Florida, USA},
 pages = {761--762},
 numpages = {2},
 publisher = {ACM},
 address = {New York, NY, USA},
 keywords = {food image recognition, mobile application, mobile visual recognition},
}
@article{farabet2013learning,
  title={Learning hierarchical features for scene labeling},
  author={Farabet, Clement and Couprie, Camille and Najman, Laurent and LeCun, Yann},
  journal={Pattern Analysis and Machine Intelligence, IEEE Transactions on},
  volume={35},
  number={8},
  pages={1915--1929},
  year={2013},
  publisher={IEEE}
}
@article{daume2009frustratingly,
  title={Frustratingly easy domain adaptation},
  author={Daum{\'e} III, Hal},
  journal={arXiv preprint arXiv:0907.1815},
  year={2009}
}
@inproceedings{yang2007adapting,
  title={Adapting SVM classifiers to data with shifted distributions},
  author={Yang, Jun and Yan, Rong and Hauptmann, Alexander G},
  booktitle={Data Mining Workshops, 2007. ICDM Workshops 2007. Seventh IEEE International Conference on},
  pages={69--76},
  year={2007},
  organization={IEEE}
}
@inproceedings{aytar2011tabula,
  title={Tabula rasa: Model transfer for object category detection},
  author={Aytar, Yusuf and Zisserman, Andrew},
  booktitle={Computer Vision (ICCV), 2011 IEEE International Conference on},
  pages={2252--2259},
  year={2011},
  organization={IEEE}
}
@article{hoffman2013one,
  title={One-Shot Adaptation of Supervised Deep Convolutional Models},
  author={Hoffman, Judy and Tzeng, Eric and Donahue, Jeff and Jia, Yangqing and Saenko, Kate and Darrell, Trevor},
  journal={arXiv preprint arXiv:1312.6204},
  year={2013}
}
@article{ben2007analysis,
  title={Analysis of representations for domain adaptation},
  author={Ben-David, Shai and Blitzer, John and Crammer, Koby and Pereira, Fernando and others},
  journal={Advances in neural information processing systems},
  volume={19},
  pages={137},
  year={2007},
  publisher={MIT; 1998}
}
@inproceedings{blitzer2008learning,
  title={Learning bounds for domain adaptation},
  author={Blitzer, John and Crammer, Koby and Kulesza, Alex and Pereira, Fernando and Wortman, Jennifer},
  booktitle={Advances in neural information processing systems},
  pages={129--136},
  year={2008}
}
@article{chuwarm,
  title={Warm Start for Parameter Selection of Linear Classifiers},
  author={Chu, Bo-Yu and Ho, Chia-Hua and Tsai, Cheng-Hao and Lin, Chieh-Yen and Lin, Chih-Jen}
}
@inproceedings{gong2012geodesic,
  title={Geodesic flow kernel for unsupervised domain adaptation},
  author={Gong, Boqing and Shi, Yuan and Sha, Fei and Grauman, Kristen},
  booktitle={Computer Vision and Pattern Recognition (CVPR), 2012 IEEE Conference on},
  pages={2066--2073},
  year={2012},
  organization={IEEE}
}
@inproceedings{fernando2013unsupervised,
  title={Unsupervised visual domain adaptation using subspace alignment},
  author={Fernando, Basura and Habrard, Amaury and Sebban, Marc and Tuytelaars, Tinne},
  booktitle={Computer Vision (ICCV), 2013 IEEE International Conference on},
  pages={2960--2967},
  year={2013},
  organization={IEEE}
}
@inproceedings{zeiler2010deconvolutional,
  title={Deconvolutional networks},
  author={Zeiler, Matthew D and Krishnan, Dilip and Taylor, Graham W and Fergus, Robert},
  booktitle={Computer Vision and Pattern Recognition (CVPR), 2010 IEEE Conference on},
  pages={2528--2535},
  year={2010},
  organization={IEEE}
}
@article{yildirim2002warm,
  title={Warm-start strategies in interior-point methods for linear programming},
  author={Yildirim, E Alper and Wright, Stephen J},
  journal={SIAM Journal on Optimization},
  volume={12},
  number={3},
  pages={782--810},
  year={2002},
  publisher={SIAM}
}
@article{john2008implementation,
  title={Implementation of warm-start strategies in interior-point methods for linear programming in fixed dimension},
  author={John, Elizabeth and Y{\i}ld{\i}r{\i}m, E Alper},
  journal={Computational Optimization and Applications},
  volume={41},
  number={2},
  pages={151--183},
  year={2008},
  publisher={Springer}
}
@article{zeilinger2011real,
  title={Real-time suboptimal model predictive control using a combination of explicit MPC and online optimization},
  author={Zeilinger, Melanie Nicole and Jones, Colin Neil and Morari, Manfred},
  journal={Automatic Control, IEEE Transactions on},
  volume={56},
  number={7},
  pages={1524--1534},
  year={2011},
  publisher={IEEE}
}
@incollection{zhang2014part,
  title={Part-based R-CNNs for fine-grained category detection},
  author={Zhang, Ning and Donahue, Jeff and Girshick, Ross and Darrell, Trevor},
  booktitle={Computer Vision--ECCV 2014},
  pages={834--849},
  year={2014},
  publisher={Springer}
}
@incollection{bossard2014food,
  title={Food-101--mining discriminative components with random forests},
  author={Bossard, Lukas and Guillaumin, Matthieu and Van Gool, Luc},
  booktitle={Computer Vision--ECCV 2014},
  pages={446--461},
  year={2014},
  publisher={Springer}
}
@article{donahue2013decaf,
  title={Decaf: A deep convolutional activation feature for generic visual recognition},
  author={Donahue, Jeff and Jia, Yangqing and Vinyals, Oriol and Hoffman, Judy and Zhang, Ning and Tzeng, Eric and Darrell, Trevor},
  journal={arXiv preprint arXiv:1310.1531},
  year={2013}
}
@inproceedings{razavian2014cnn,
  title={CNN features off-the-shelf: an astounding baseline for recognition},
  author={Razavian, Ali S and Azizpour, Hossein and Sullivan, Josephine and Carlsson, Stefan},
  booktitle={Computer Vision and Pattern Recognition Workshops (CVPRW), 2014 IEEE Conference on},
  pages={512--519},
  year={2014},
  organization={IEEE}
}
@inproceedings{lee2006efficient,
  title={Efficient sparse coding algorithms},
  author={Lee, Honglak and Battle, Alexis and Raina, Rajat and Ng, Andrew Y},
  booktitle={Advances in neural information processing systems},
  pages={801--808},
  year={2006}
}
@article{pan2010survey,
  title={A survey on transfer learning},
  author={Pan, Sinno Jialin and Yang, Qiang},
  journal={IEEE Transactions on Knowledge and Data Engineering},
  volume={22},
  number={10},
  pages={1345--1359},
  year={2010},
  publisher={IEEE}
}
@article{tommasi2014learning,
  title={Learning categories from few examples with multi model knowledge transfer},
  author={Tommasi, Tatiana and Orabona, Francesco and Caputo, Barbara},
  journal={Pattern Analysis and Machine Intelligence, IEEE Transactions on},
  volume={36},
  number={5},
  pages={928--941},
  year={2014},
  publisher={IEEE}
}
@phdthesis{lim2012transfer,
  title={Transfer learning by borrowing examples for multiclass object detection},
  author={Lim, Joseph Jaewhan},
  year={2012},
  school={Massachusetts Institute of Technology}
}
@inproceedings{LongICML15,
  author    = {Mingsheng Long and
               Yue Cao and
               Jianmin Wang and
               Michael Jordan},
  title     = {Learning Transferable Features with Deep Adaptation Networks},
  booktitle = {Proceedings of the 32nd International Conference on Machine Learning,
               {ICML} 2015, Lille, France},
  pages     = {97--105},
  year      = {2015},
 
}
@inproceedings{kuzborskij2013n,
  title={From n to n+ 1: Multiclass transfer incremental learning},
  author={Kuzborskij, Ilja and Orabona, Francesco and Caputo, Barbara},
  booktitle={Computer Vision and Pattern Recognition (CVPR), 2013 IEEE Conference on},
  pages={3358--3365},
  year={2013},
  organization={IEEE}
}

@inproceedings{yang2007cross,
  title={Cross-domain video concept detection using adaptive svms},
  author={Yang, Jun and Yan, Rong and Hauptmann, Alexander G},
  booktitle={Proceedings of the 15th international conference on Multimedia},
  pages={188--197},
  year={2007},
  organization={ACM}
}
@inproceedings{davis2009deep,
  title={Deep transfer via second-order markov logic},
  author={Davis, Jesse and Domingos, Pedro},
  booktitle={Proceedings of the 26th annual international conference on machine learning},
  pages={217--224},
  year={2009},
  organization={ACM}
}
@inproceedings{wang2014active,
  title={Active transfer learning under model shift},
  author={Wang, Xuezhi and Huang, Tzu-Kuo and Schneider, Jeff},
  booktitle={Proceedings of the 31st International Conference on Machine Learning (ICML-14)},
  pages={1305--1313},
  year={2014}
}
@inproceedings{zhou2014multi,
  title={Multi-task copula by sparse graph regression},
  author={Zhou, Tianyi and Tao, Dacheng},
  booktitle={Proceedings of the 20th ACM SIGKDD international conference on Knowledge discovery and data mining},
  pages={771--780},
  year={2014},
  organization={ACM}
}
@inproceedings{tommasi2010safety,
  title={Safety in numbers: Learning categories from few examples with multi model knowledge transfer},
  author={Tommasi, Tatiana and Orabona, Francesco and Caputo, Barbara},
  booktitle={The IEEE Conference on Computer Vision and Pattern Recognition (CVPR)},
  pages={3081--3088},
  year={2010},
  organization={IEEE}
}
@inproceedings{cawley2006leave,
  title={Leave-one-out cross-validation based model selection criteria for weighted LS-SVMs},
  author={Cawley, Gavin C},
  booktitle={Neural Networks, 2006. IJCNN'06. International Joint Conference on},
  pages={1661--1668},
  year={2006},
  organization={IEEE}
}
@article{crammer2002algorithmic,
  title={On the algorithmic implementation of multiclass kernel-based vector machines},
  author={Crammer, Koby and Singer, Yoram},
  journal={The Journal of Machine Learning Research},
  volume={2},
  pages={265--292},
  year={2002},
  publisher={JMLR. org}
}
@inproceedings{jie2011multiclass,
  title={Multiclass transfer learning from unconstrained priors},
  author={Jie, Luo and Tommasi, Tatiana and Caputo, Barbara},
  booktitle={Computer Vision (ICCV), 2011 IEEE International Conference on},
  pages={1863--1870},
  year={2011},
  organization={IEEE}
}